@article{Electronica_Amiga,
    title = {{Digital electronics for the Pierre Auger Observatory AMIGA muon counters}},
    year = {2014},
    journal = {Journal of Instrumentation},
    author = {Wainberg, O and Almela, A and Platino, M and Sanchez, F and Suarez, F and Lucero, A and Videla, M and Wundheiler, B and Melo, D and Hampel, M R and Etchegoyen, A},
    number = {04},
    pages = {T04003-T04003},
    volume = {9},
    url = {http://stacks.iop.org/1748-0221/9/i=04/a=T04003?key=crossref.0093e377d332d0bb657124515859535f},
    doi = {10.1088/1748-0221/9/04/T04003},
    issn = {1748-0221}
}

@incollection{Apd_Hamamatsu,
    title = {{Si APD, MPPC}},
    booktitle = {Solid State Photomultipliers},
    author = {K.K., Hamamatsu Photonics and Committee, Opto-semiconductor Handbook Editorial},
    editor = {Dai Nippon Printing Co., Ltd},
    chapter = {3},
    pages = {3},
    publisher = {Hamamatsu Photonics K.K.},
    keywords = {SSPM, Si-PM}
}

@article{Muon_detector_Amiga,
    title = {{Prototype muon detectors for the AMIGA component of the Pierre Auger Observatory}},
    year = {2016},
    journal = {Journal of Instrumentation},
    author = {Collaboration, Pierre Auger and Collaboration, Pierre Auger and Dembinski, Hans P and Billoir, Pierre},
    number = {02},
    pages = {P02012-P02012},
    volume = {11},
    url = {http://stacks.iop.org/1748-0221/11/i=02/a=P02012?key=crossref.922184ffa775404121dcf1c4ab9c6067},
    doi = {10.1088/1748-0221/11/02/P02012},
    issn = {1748-0221}
}

@article{Muon_counting_Amiga,
    title = {{Muon counting using silicon photomultipliers in the AMIGA detector of the Pierre Auger observatory}},
    year = {2017},
    journal = {Journal of Instrumentation},
    author = {Aab, A. and Abreu, P. and Aglietta, M. and Ahn, E.J.},
    number = {03},
    pages = {P03002-P03002},
    volume = {12},
    url = {http://stacks.iop.org/1748-0221/12/i=03/a=P03002?key=crossref.d0f5a4e5aedb0c5917323069e5c7365e},
    doi = {10.1088/1748-0221/12/03/P03002},
    issn = {1748-0221},
    arxivId = {arXiv:1703.06193v1}
}

@article{charac_SIPM,
    title = {{Characterisation studies of silicon photomultipliers}},
    year = {2010},
    journal = {Nuclear Instruments and Methods in Physics Research, Section A: Accelerators, Spectrometers, Detectors and Associated Equipment},
    author = {Eckert, Patrick and Schultz-Coulon, Hans Christian and Shen, Wei and Stamen, Rainer and Tadday, Alexander},
    number = {2-3},
    pages = {217--226},
    volume = {620},
    isbn = {0168-9002},
    doi = {10.1016/j.nima.2010.03.169},
    issn = {01689002},
    arxivId = {1003.6071},
    keywords = {Geiger mode avalanche photodiode, Multi pixel photon counter, Photon detection efficiency, Silicon photomultiplier}
}

@article{Intro_SIPM_Sensl,
    title = {{Introduction to the SPM An Introduction to the Silicon Photomultiplier Photon Detection with Silicon Photomultipliers}},
    year = {2011},
    journal = {SensL},
    author = {Photodiode, Avalanche},
    pages = {1--8}
}

@techreport{Sipm_S13360_1350CS_datasheet,
    title = {{MPPC {\textregistered} ( Multi-Pixel Photon Counter ) MPPCs for precision measurement}},
    author = {Operates, Compact},
    pages = {1--12}
}

@book{w_Leo_Book,
    title = {{Techniques for Nuclear and Particle Physics Experiments}},
    year = {1987},
    booktitle = {Springer-Verlag},
    author = {Leo, WR},
    pages = {1--377},
    isbn = {978-3-540-57280-0},
    doi = {10.1007/978-3-642-57920-2},
    issn = {00029505},
    pmid = {15003161},
    arxivId = {arXiv:1011.1669v3}
}

@book{Tavenier_Book,
    title = {{Experimental Techniques in Nuclear and Particle Physics}},
    year = {2013},
    booktitle = {Journal of Chemical Information and Modeling},
    author = {Tavenier, Stefaaan},
    number = {9},
    pages = {1689--1699},
    volume = {53},
    isbn = {9788578110796},
    doi = {10.1017/CBO9781107415324.004},
    issn = {1098-6596},
    pmid = {25246403},
    arxivId = {arXiv:1011.1669v3},
    keywords = {icle}
}

@book{Particle_detectors_Book,
    title = {{Particle detectors}},
    year = {2000},
    booktitle = {Reports on Progress in Physics},
    author = {Fabjan, C W and Fischer, H G},
    number = {8},
    pages = {1003--1063},
    volume = {43},
    url = {http://stacks.iop.org/0034-4885/43/i=8/a=002},
    isbn = {9780521840064},
    doi = {10.1088/0034-4885/43/8/002},
    issn = {0034-4885}
}

@article{muon,
    title = {{The Speed and Lifetime of Cosmic Ray Muons}},
    year = {2007},
    author = {Liu, Lulu and Pablo, Partner},
    pages = {1--2}
}

@misc{Muon_wiki,
    title = {{"Muon," https://en.wikipedia.org/wiki/Muon}},
    year = {2018},
    author = {The Free Encyclopedia, Wikipedia},
    url = {https://en.wikipedia.org/wiki/Muon}
}

@misc{Hodoscope,
    title = {{"Hodoscope," https://en.wikipedia.org/wiki/Hodoscope}},
    year = {2018},
    author = {The Free Encyclopedia, Wikipedia},
    url = {https://en.wikipedia.org/wiki/Hodoscope}
}

@misc{Measuring_ectr_opti_SIPM_hamamatsu,
    title = {{Measuring the electrical and optical properties of the MPPC silicon photomultiplier | Hamamatsu Photonics}},
    year = {2014},
    author = {Slawomir, Piatek and Corporation, Hamamatsu and {New Jersey Institute of Technology}},
    url = {http://www.hamamatsu.com/jp/en/community/optical_sensors/articles/measuring_characteristics_of_mppc/index.html}
}

@article{Peltier_SIPM,
    title = {{A Peltier cooling system for SiPM temperature stabilization}},
    year = {2012},
    author = {Nieswand, Simon}
}